<?xml version="1.0" encoding="UTF-8"?><collection xmlns="http://www.loc.gov/MARC21/slim"><record><leader>00592nam--2200205-i-4500</leader><controlfield tag="001">000023740</controlfield><controlfield tag="002">20161230</controlfield><controlfield tag="005">20161230201035</controlfield><controlfield tag="008">060222s1000------------r-----000-0-eng-d</controlfield><datafield ind1=" " ind2=" " tag="020"><subfield code="a">0444414908</subfield></datafield><datafield ind1=" " ind2=" " tag="040"><subfield code="a">IFIN-HH</subfield></datafield><datafield ind1=" " ind2=" " tag="080"><subfield code="a">531.46:535</subfield></datafield><datafield ind1="1" ind2=" " tag="100"><subfield code="a">Jerlov, N.G</subfield></datafield><datafield ind1="1" ind2="0" tag="245"><subfield code="a">Marine optics</subfield><subfield code="c">N.g. jerlov</subfield></datafield><datafield ind1=" " ind2=" " tag="250"><subfield code="a">Second Revised And Enlarged Edition Of Optical Oceanography</subfield></datafield><datafield ind1=" " ind2=" " tag="260"><subfield code="a">NEW YORK</subfield><subfield code="b">Elsevier Scientific Publishing Company</subfield><subfield code="c">1976</subfield></datafield><datafield ind1=" " ind2=" " tag="300"><subfield code="a">XIII + 231P</subfield></datafield><datafield ind1=" " ind2=" " tag="490"><subfield code="a">Elsevier Oceanography Series</subfield><subfield code="v">Vol. 14</subfield></datafield><datafield ind1=" " ind2=" " tag="852"><subfield code="a">45427</subfield><subfield code="c">535</subfield></datafield><datafield ind1=" " ind2=" " tag="CAT"><subfield code="a">Sys</subfield><subfield code="c">20101123</subfield><subfield code="h">100845</subfield></datafield></record></collection>